@misc{Nachhilfe-Team,
	title = {Die 3 Normalformen – Datenbank verbessern – So einfach geht’s!},
	author = {?},
	url = {https://www.nachhilfe-team.net/lernen-leicht-gemacht/normalformen},
	year = {2023 / ? weil ungenau},
	urldate = {2024-12-30}
}

@misc{Purestorage,
	title = {Was ist eine Time-Series Database (TSDB)?},
	author = {?},
	url = {https://www.purestorage.com/de/knowledge/what-is-a-time-series-database.html},
	year = {?},
	urldate = {2024-12-30}
}

@misc{Computerweekly,
	title = {Zeitreihendatenbank (Time Series Database, TSDB)},
	author = {Laura Fitzgibbons},
	url = {https://www.computerweekly.com/de/definition/Zeitreihendatenbank-Time-Series-Database-TSDB},
	year = {2024},
	urldate = {2024-12-30}
}

@misc{joojscript,
	title = {What you know about Round Robin Databases?},
	author = {João Augusto Perin},
	url = {https://joojscript.medium.com/what-you-know-about-round-robin-databases-e9a33c34277d},
	year = {2021},
	urldate = {2024-12-30}
}

@misc{aws,
	title = {Was ist Datenvisualisierung?},
	author = {?},
	url = {https://aws.amazon.com/de/what-is/data-visualization/#:~:text=Datenvisualisierung%20ist%20der%20Prozess%20der,die%20leichter%20zu%20verarbeiten%20ist.},
	year = {?},
	urldate = {2024-12-30}
}